@misc{Hlavac2015,
address = {Cambridge, USA},
annote = {R package version 5.2},
author = {Hlavac, Marek},
institution = {Harvard University},
title = {{stargazer: Well-Formatted Regression and Summary Statistics Tables}},
url = {http://cran.r-project.org/package=stargazer},
year = {2015}
}
@book{Wickham2009,
author = {Wickham, Hadley},
isbn = {978-0-387-98140-6},
publisher = {Springer-Verlag New York},
title = {{ggplot2: Elegant Graphics for Data Analysis}},
url = {http://ggplot2.org},
year = {2009}
}
@article{Kahle2013,
author = {Kahle, David and Wickham, Hadley},
journal = {The R Journal},
number = {1},
pages = {144--161},
title = {{ggmap: Spatial Visualization with ggplot2}},
url = {http://journal.r-project.org/archive/2013-1/kahle-wickham.pdf},
volume = {5},
year = {2013}
}
@misc{Chan2016a,
annote = {R package version 0.4.16},
author = {Chan, Chung-hong and Chan, Geoffrey C H and Leeper, Thomas J and Becker, Jason},
title = {{rio: A Swiss-army knife for data file I/O}},
year = {2016}
}
@article{Croissant2008,
author = {Croissant, Yves and Millo, Giovanni},
journal = {Journal of Statistical Software},
number = {2},
title = {{Panel Data Econometrics in {\{}R{\}}: The {\{}plm{\}} Package}},
url = {http://www.jstatsoft.org/v27/i02/},
volume = {27},
year = {2008}
}
@article{Zeileis2002,
author = {Zeileis, Achim and Hothorn, Torsten},
journal = {R News},
number = {3},
pages = {7--10},
title = {{Diagnostic Checking in Regression Relationships}},
url = {https://cran.r-project.org/doc/Rnews/},
volume = {2},
year = {2002}
}
@book{Xie2015,
address = {Boca Raton, Florida},
annote = {ISBN 978-1498716963},
author = {Xie, Yihui},
edition = {2nd},
publisher = {Chapman and Hall/CRC},
title = {{Dynamic Documents with {\{}R{\}} and knitr}},
url = {http://yihui.name/knitr/},
year = {2015}
}
@misc{Wickham2016,
annote = {R package version 0.3.2},
author = {Wickham, Hadley},
title = {{rvest: Easily Harvest (Scrape) Web Pages}},
url = {https://cran.r-project.org/package=rvest},
year = {2016}
}
@misc{Bivand2016a,
annote = {R package version 1.2-5},
author = {Bivand, Roger and Keitt, Tim and Rowlingson, Barry},
title = {{rgdal: Bindings for the Geospatial Data Abstraction Library}},
url = {https://cran.r-project.org/package=rgdal},
year = {2016}
}
@misc{RCoreTeam2016a,
address = {Vienna, Austria},
author = {{R Core Team}},
institution = {R Foundation for Statistical Computing},
title = {{R: A Language and Environment for Statistical Computing}},
url = {https://www.r-project.org/},
year = {2016}
}
@misc{Bache2014a,
annote = {R package version 1.5},
author = {Bache, Stefan Milton and Wickham, Hadley},
title = {{magrittr: A Forward-Pipe Operator for R}},
url = {https://cran.r-project.org/package=magrittr},
year = {2014}
}
@misc{Wickham2017a,
annote = {R package version 0.6.1},
author = {Wickham, Hadley},
title = {{tidyr: Easily Tidy Data with 'spread()' and 'gather()' Functions}},
url = {https://cran.r-project.org/package=tidyr},
year = {2017}
}
@misc{Garnier2017a,
annote = {R package version 0.4.0},
author = {Garnier, Simon},
title = {{viridis: Default Color Maps from 'matplotlib'}},
url = {https://cran.r-project.org/package=viridis},
year = {2017}
}
@misc{Schloerke2016,
annote = {R package version 1.3.0},
author = {Schloerke, Barret and Crowley, Jason and Cook, Di and Briatte, Francois and Marbach, Moritz and Thoen, Edwin and Elberg, Amos and Larmarange, Joseph},
title = {{GGally: Extension to 'ggplot2'}},
url = {https://cran.r-project.org/package=GGally},
year = {2016}
}
@misc{Allaire2017a,
annote = {R package version 1.4},
author = {Allaire, J J and Cheng, Joe and Xie, Yihui and McPherson, Jonathan and Chang, Winston and Allen, Jeff and Wickham, Hadley and Atkins, Aron and Hyndman, Rob and Arslan, Ruben},
title = {{rmarkdown: Dynamic Documents for R}},
url = {https://cran.r-project.org/package=rmarkdown},
year = {2017}
}
@misc{Gagolewski2017a,
author = {Gagolewski, Marek},
title = {{R package stringi: Character string processing facilities}},
url = {http://www.gagolewski.com/software/stringi/},
year = {2017}
}
@misc{Hester2016a,
annote = {R package version 0.7.1},
author = {Hester, Jim},
title = {{gmailr: Access the Gmail RESTful API}},
url = {https://cran.r-project.org/package=gmailr},
year = {2016}
}
@misc{Xie2016,
annote = {R package version 1.15.1},
author = {Xie, Yihui},
title = {{knitr: A General-Purpose Package for Dynamic Report Generation in R}},
url = {http://yihui.name/knitr/},
year = {2016}
}
@misc{Wickham2016b,
annote = {R package version 0.4.1},
author = {Wickham, Hadley},
title = {{scales: Scale Functions for Visualization}},
url = {https://cran.r-project.org/package=scales},
year = {2016}
}
@misc{Robinson2017a,
annote = {R package version 0.4.2},
author = {Robinson, David},
title = {{broom: Convert Statistical Analysis Objects into Tidy Data Frames}},
url = {https://cran.r-project.org/package=broom},
year = {2017}
}
@misc{Wickham2016c,
annote = {R package version 0.5.0},
author = {Wickham, Hadley and Francois, Romain},
title = {{dplyr: A Grammar of Data Manipulation}},
url = {https://cran.r-project.org/package=dplyr},
year = {2016}
}
@incollection{Xie2014,
annote = {ISBN 978-1466561595},
author = {Xie, Yihui},
booktitle = {Implementing Reproducible Computational Research},
editor = {Stodden, Victoria and Leisch, Friedrich and Peng, Roger D},
publisher = {Chapman and Hall/CRC},
title = {{knitr: A Comprehensive Tool for Reproducible Research in {\{}R{\}}}},
url = {http://www.crcpress.com/product/isbn/9781466561595},
year = {2014}
}
